<?xml version="1.0" encoding="UTF-8"?>

<marc21:record xmlns:marc21="http://www.loc.gov/MARC21/slim" xmlns:xsi="http://www.w3.org/2001/XMLSchema-instance" xsi:schemaLocation="http://www.loc.gov/MARC21/slim http://www.loc.gov/standards/marcxml/schema/MARC21slim.xsd">
  <marc21:leader>01839nam a22005057a 4500</marc21:leader>
  <marc21:controlfield tag="001">001052657</marc21:controlfield>
  <marc21:controlfield tag="003">CZ BrMZK</marc21:controlfield>
  <marc21:controlfield tag="005">20080107091255.0</marc21:controlfield>
  <marc21:controlfield tag="007">ta</marc21:controlfield>
  <marc21:controlfield tag="008">070517s1800 rm fr|||||00| ||latod</marc21:controlfield>
  <marc21:datafield tag="040" ind1=" " ind2=" ">
    <marc21:subfield code="a">BOA001</marc21:subfield>
    <marc21:subfield code="b">cze</marc21:subfield>
  </marc21:datafield>
  <marc21:datafield tag="041" ind1="0" ind2=" ">
    <marc21:subfield code="a">lat</marc21:subfield>
    <marc21:subfield code="a">hun</marc21:subfield>
  </marc21:datafield>
  <marc21:datafield tag="072" ind1=" " ind2="7">
    <marc21:subfield code="a">094</marc21:subfield>
    <marc21:subfield code="x">Staré tisky</marc21:subfield>
    <marc21:subfield code="2">Konspekt</marc21:subfield>
    <marc21:subfield code="9">12</marc21:subfield>
  </marc21:datafield>
  <marc21:datafield tag="080" ind1=" " ind2=" ">
    <marc21:subfield code="a">025.171</marc21:subfield>
    <marc21:subfield code="2">MRF</marc21:subfield>
  </marc21:datafield>
  <marc21:datafield tag="100" ind1="1" ind2=" ">
    <marc21:subfield code="a">Komenský, Jan Amos,</marc21:subfield>
    <marc21:subfield code="d">1592-1670</marc21:subfield>
    <marc21:subfield code="7">jk01061444</marc21:subfield>
    <marc21:subfield code="4">aut</marc21:subfield>
  </marc21:datafield>
  <marc21:datafield tag="245" ind1="1" ind2="0">
    <marc21:subfield code="a">Januae Lingvae Latinae Vestibulum :</marc21:subfield>
    <marc21:subfield code="b">Primum In Usum Illustris Paedagogii Albensis Ungarice redditum, Deinde Orthodoxarum in Hungaria Scholarum Usu accomodatum /</marc21:subfield>
    <marc21:subfield code="c">J. A. Comenii</marc21:subfield>
  </marc21:datafield>
  <marc21:datafield tag="260" ind1=" " ind2=" ">
    <marc21:subfield code="a">Cibinii :</marc21:subfield>
    <marc21:subfield code="b">Typis Martini de Hochmeister Caes. Reg. priv. Typogr. &amp; Bibliopolae,</marc21:subfield>
    <marc21:subfield code="c">[ca 1800]</marc21:subfield>
  </marc21:datafield>
  <marc21:datafield tag="300" ind1=" " ind2=" ">
    <marc21:subfield code="a">32 s. ;</marc21:subfield>
    <marc21:subfield code="c">8°</marc21:subfield>
  </marc21:datafield>
  <marc21:datafield tag="500" ind1=" " ind2=" ">
    <marc21:subfield code="a">Výzdoba: ozdobné linky</marc21:subfield>
  </marc21:datafield>
  <marc21:datafield tag="510" ind1="4" ind2=" ">
    <marc21:subfield code="a">SDK,</marc21:subfield>
    <marc21:subfield code="c">842</marc21:subfield>
  </marc21:datafield>
  <marc21:datafield tag="510" ind1="4" ind2=" ">
    <marc21:subfield code="a">Dokoupil. Soupis komenian,</marc21:subfield>
    <marc21:subfield code="c">s. 109, č. 2</marc21:subfield>
  </marc21:datafield>
  <marc21:datafield tag="510" ind1="4" ind2=" ">
    <marc21:subfield code="a">Vobr. Dílo J. A. Komenského,</marc21:subfield>
    <marc21:subfield code="c">274</marc21:subfield>
  </marc21:datafield>
  <marc21:datafield tag="561" ind1=" " ind2=" ">
    <marc21:subfield code="a">Provenience: (razítko) Borbély Sándor könyvtárából</marc21:subfield>
  </marc21:datafield>
  <marc21:datafield tag="563" ind1=" " ind2=" ">
    <marc21:subfield code="a">Původní polokožená vazba, hřbet s hnědé teletiny, desky potažené barevným papírem</marc21:subfield>
  </marc21:datafield>
  <marc21:datafield tag="648" ind1=" " ind2="7">
    <marc21:subfield code="a">1751-1800</marc21:subfield>
    <marc21:subfield code="2">czenas</marc21:subfield>
  </marc21:datafield>
  <marc21:datafield tag="648" ind1=" " ind2="7">
    <marc21:subfield code="a">1801-1850</marc21:subfield>
    <marc21:subfield code="2">czenas</marc21:subfield>
  </marc21:datafield>
  <marc21:datafield tag="650" ind1="0" ind2="7">
    <marc21:subfield code="a">historické knihovní fondy</marc21:subfield>
    <marc21:subfield code="2">czenas</marc21:subfield>
  </marc21:datafield>
  <marc21:datafield tag="655" ind1=" " ind2="7">
    <marc21:subfield code="a">staré tisky</marc21:subfield>
    <marc21:subfield code="2">czenas</marc21:subfield>
  </marc21:datafield>
  <marc21:datafield tag="700" ind1="1" ind2=" ">
    <marc21:subfield code="a">Komenský, Jan Amos,</marc21:subfield>
    <marc21:subfield code="d">1592-1670.</marc21:subfield>
    <marc21:subfield code="t">Vestibulum</marc21:subfield>
  </marc21:datafield>
  <marc21:datafield tag="910" ind1=" " ind2=" ">
    <marc21:subfield code="b">Ks-0090.317</marc21:subfield>
  </marc21:datafield>
  <marc21:datafield tag="978" ind1=" " ind2=" ">
    <marc21:subfield code="a">Hochmeister</marc21:subfield>
    <marc21:subfield code="b">Martin</marc21:subfield>
    <marc21:subfield code="c">Sibiu</marc21:subfield>
    <marc21:subfield code="f">1800</marc21:subfield>
  </marc21:datafield>
  <marc21:datafield tag="984" ind1=" " ind2=" ">
    <marc21:subfield code="a">Sibiu</marc21:subfield>
    <marc21:subfield code="b">Rumunsko</marc21:subfield>
  </marc21:datafield>
  <marc21:datafield tag="990" ind1=" " ind2=" ">
    <marc21:subfield code="a">001052657</marc21:subfield>
  </marc21:datafield>
  <marc21:datafield tag="CAT" ind1=" " ind2=" ">
    <marc21:subfield code="a">BARPRE</marc21:subfield>
    <marc21:subfield code="b">50</marc21:subfield>
    <marc21:subfield code="c">20070723</marc21:subfield>
    <marc21:subfield code="l">MZK03</marc21:subfield>
    <marc21:subfield code="h">1533</marc21:subfield>
  </marc21:datafield>
  <marc21:datafield tag="CAT" ind1=" " ind2=" ">
    <marc21:subfield code="a">BARPRE</marc21:subfield>
    <marc21:subfield code="b">50</marc21:subfield>
    <marc21:subfield code="c">20080107</marc21:subfield>
    <marc21:subfield code="l">MZK03</marc21:subfield>
    <marc21:subfield code="h">0912</marc21:subfield>
  </marc21:datafield>
  <marc21:datafield tag="CAT" ind1=" " ind2=" ">
    <marc21:subfield code="c">20080514</marc21:subfield>
    <marc21:subfield code="l">MZK03</marc21:subfield>
    <marc21:subfield code="h">1639</marc21:subfield>
  </marc21:datafield>
  <marc21:datafield tag="CAT" ind1=" " ind2=" ">
    <marc21:subfield code="c">20080516</marc21:subfield>
    <marc21:subfield code="l">MZK03</marc21:subfield>
    <marc21:subfield code="h">1718</marc21:subfield>
  </marc21:datafield>
  <marc21:datafield tag="CAT" ind1=" " ind2=" ">
    <marc21:subfield code="c">20080930</marc21:subfield>
    <marc21:subfield code="l">MZK03</marc21:subfield>
    <marc21:subfield code="h">1223</marc21:subfield>
  </marc21:datafield>
  <marc21:datafield tag="CAT" ind1=" " ind2=" ">
    <marc21:subfield code="a">MACHJI</marc21:subfield>
    <marc21:subfield code="b">50</marc21:subfield>
    <marc21:subfield code="c">20090217</marc21:subfield>
    <marc21:subfield code="l">MZK03</marc21:subfield>
    <marc21:subfield code="h">1015</marc21:subfield>
  </marc21:datafield>
  <marc21:datafield tag="CAT" ind1=" " ind2=" ">
    <marc21:subfield code="a">MACHJI</marc21:subfield>
    <marc21:subfield code="b">50</marc21:subfield>
    <marc21:subfield code="c">20090217</marc21:subfield>
    <marc21:subfield code="l">MZK03</marc21:subfield>
    <marc21:subfield code="h">1031</marc21:subfield>
  </marc21:datafield>
  <marc21:datafield tag="MNS" ind1=" " ind2=" ">
    <marc21:subfield code="a">20080515</marc21:subfield>
  </marc21:datafield>
  <marc21:datafield tag="PRU" ind1=" " ind2=" ">
    <marc21:subfield code="a">VZST 070723 PB</marc21:subfield>
  </marc21:datafield>
  <marc21:datafield tag="SGG" ind1=" " ind2=" ">
    <marc21:subfield code="a">0090.317</marc21:subfield>
  </marc21:datafield>
  <marc21:datafield tag="SKC" ind1=" " ind2=" ">
    <marc21:subfield code="a">20080514</marc21:subfield>
  </marc21:datafield>
</marc21:record>
